@inproceedings{ref1,
    title={
        Sample Title
    },
    author={
        Author1 and 
        Author2 and 
        Author3
    },
    booktitle={
        Sample Book
    },
    year={1989}
}
